% This file was created with Citavi 6.4.0.35

@online{.,
 title = {{Instruction Sheet 559 01}},
 url = {https://www.ld-didactic.de/documents/en-US/GA/GA/5/559/55901e.pdf},
 urldate = {2020-11-22},
 abstract = {},
 pagetotal = {2},
 file = {55901e:Z\:\\Dokumente\\HSRM\\LaTex_Quellen\\HSRM_Quellen\\Citavi Attachments\\55901e.pdf:pdf},
 subtitle = {{End-window counter for\textgreek{a}, \textgreek{b},\textgreek{g}Radiation andX-rays (559 01)}}
}


@misc{Alebrand.,
 author = {Alebrand, Sabine},
 title = {{Skript zur Vorlesung {\textquotedbl}Optik{\textquotedbl}, Sommersemester 2020}},
 keywords = {Optik},
 abstract = {},
 organization = {{Hochschule RheinMain}}
}


@book{Bonnet.2009,
 author = {Bonnet, Martin},
 year = {2009},
 title = {{Kunststoffe in der Ingenieuranwendung}},
 keywords = {Chemie;Werkstoffe},
 edition = {1. Aufl.},
 publisher = {{Vieweg+Teubner Verlag / GWV Fachverlage GmbH Wiesbaden}},
 isbn = {9783834893031},
 subtitle = {{Verstehen und zuverl{\"a}ssig ausw{\"a}hlen}},
 language = {ger},
 location = {Wiesbaden},
 abstract = {},
 doi = {10.1007/978-3-8348-9303-1},
 file = {http://external.dandelon.com/download/attachments/dandelon/ids/DE_FHGE_Gelsenkirchen5A2CCDCFD856E892C125755A005ECA26.pdf},
 file = {https://external.dandelon.com/download/attachments/dandelon/ids/DE_FHGE_Gelsenkirchen5A2CCDCFD856E892C125755A005ECA26.pdf}
}


@misc{Dorr.,
 author = {D{\"o}rr, Alexander},
 title = {{Skript zur Vorlesung {\textquotedbl}Messdatenerfassung{\textquotedbl}, Sommersemester 2020}},
 keywords = {Elektronik;Physik},
 abstract = {},
 organization = {{Hochschule RheinMain}}
}


@book{Eichler.2016,
 author = {Eichler, Hans-Joachim and Kronfeldt, Heinz-Detlef and Sahm, J{\"u}rgen},
 year = {2016},
 title = {{Das neue Physikalische Grundpraktikum}},
 keywords = {Optik;Physik;PhysPraktikum},
 edition = {3., erg{\"a}nzte und aktualisierte Auflage 2016},
 publisher = {{Springer Spektrum}},
 isbn = {978-3-662-49022-8},
 language = {ger},
 location = {Berlin and Heidelberg},
 series = {{Springer-Lehrbuch}},
 abstract = {Grundbegriffe der Messtechnik -- Bewegungen und Kr{\"a}fte -- Deformierbare K{\"o}rper und Akustik -- Vielteilchensysteme und Thermodynamik -- Gleich- und Wechselstromkreise -- Elektrische und magnetische Felder -- Halbleiterelektronik -- Linsen und optische Instrumente -- Licht- und Mikrowellen -- Photonen, Elektronen und Atome -- Radioaktivit{\"a}t und Strahlenschutz -- Digitalelektronik und Computer



Das vorliegende Werk bietet in seiner vollst{\"a}ndig {\"u}berarbeiteten dritten Auflage auch weiterhin eine hervorragende Begleitung f{\"u}r Physik-Praktika im Bachelorstudium. In 12 Kapiteln mit insgesamt 52 Themenkreisen werden mehr als 200 Einzelaufgaben jeweils mit Zielsetzung, Literaturangaben, physikalischen Grundlagen, Ger{\"a}tezubeh{\"o}r sowie Hinweisen zu Messung und Auswertung ausf{\"u}hrlich beschrieben. Anschauliche Piktogramme f{\"u}hren durch das durchgehend zweifarbig gestaltete Buch, um die einzelnen Elemente voneinander abzuheben. Formeln, die zum Grundwissen geh{\"o}ren, und andere wichtige Formeln werden besonders hervorgehoben. Rundum ein innovatives Buch f{\"u}r alle Studierenden mit Haupt- oder Nebenfach Physik. Die Neuauflage des neuen Physikalischen Grundpraktikums enth{\"a}lt neue Experimente zu Mikrowellen, Polarisation, Fl{\"u}ssigkristallen, R{\"o}ntgenstrahlung, Gamma-Spektroskopie u. a. Zudem wurden die Messverfahren weitgehend auf moderne digitale Messtechnik umgestellt. Die Autoren Hans Joachim Eichler Promotion 1967 und Habilitation 1969 an der TU Berlin; 1971-1978 Gr{\"u}ndungssprecher des Fachbereiches Physik an der TU Berlin; seit 1972 ord. Professor f{\"u}r Experimentalphysik; 1980-1983 Forschungsaufenthalte an den AT {\&} T-Bell Laboratorien (Holmdel, USA); seit 1982 Vorsitzender der Arbeitsgemeinschaft Quanten-Optik der DPG und DGaO; 2003-2007 gesch{\"a}ftsf{\"u}hrender Direktor des Optischen Instituts; 2003-2013 Gesch{\"a}ftsf{\"u}hrer der Laser-Medizin-Technologie-Berlin GmbH. Heinz-Detlef Kronfeldt Geboren 1949 in Berlin; Promotion 1979 an der TU Berlin; Forschungsaufenthalt 1980 bei AEG-Telefunken; Habilitation 1989 an der TU Berlin und Privat-Dozent; nach 1989 Leiter der Arbeitsgruppe Laserspektroskopie am Optischen Institut der TU Berlin, Themenschwerpunkte Atomphysik und Umweltphysik. J{\"u}rgen Sahm Studium und Promotion an der TU Berlin; 1970-1980 Professor f{\"u}r Physik an der PH Berlin; seit 1980 Professor f{\"u}r Experimentalphysik an der TU Berlin; 1987-1993 Dekan des Fachbereichs Physik der TU Berlin; 1999-2002 Vizepr{\"a}sident der TU Berlin f{\"u}r Lehre und Studium; seit 2004 emeritiert},
 pagetotal = {470},
 doi = {10.1007/978-3-662-49023-5},
 note = {Eichler, Hans-Joachim (VerfasserIn)

Kronfeldt, Heinz-Detlef (VerfasserIn)

Sahm, J{\"u}rgen (VerfasserIn)},
 file = {2016_Bookmatter_DasNeuePhysikalischeGrundprakt:Z\:\\Dokumente\\HSRM\\LaTex_Quellen\\HSRM_Quellen\\Citavi Attachments\\2016_Bookmatter_DasNeuePhysikalischeGrundprakt.pdf:pdf;Eichler2016_Chapter_BewegungenUndKräfte:Z\:\\Dokumente\\HSRM\\LaTex_Quellen\\HSRM_Quellen\\Citavi Attachments\\Eichler2016_Chapter_BewegungenUndKräfte.pdf:pdf;Eichler2016_Chapter_DeformierbareKörperUndAkustik:Z\:\\Dokumente\\HSRM\\LaTex_Quellen\\HSRM_Quellen\\Citavi Attachments\\Eichler2016_Chapter_DeformierbareKörperUndAkustik.pdf:pdf;Eichler2016_Chapter_DigitalelektronikUndComputer:Z\:\\Dokumente\\HSRM\\LaTex_Quellen\\HSRM_Quellen\\Citavi Attachments\\Eichler2016_Chapter_DigitalelektronikUndComputer.pdf:pdf;Eichler2016_Chapter_ElektrischeUndMagnetischeFelde:Z\:\\Dokumente\\HSRM\\LaTex_Quellen\\HSRM_Quellen\\Citavi Attachments\\Eichler2016_Chapter_ElektrischeUndMagnetischeFelde.pdf:pdf;Eichler2016_Chapter_Gleich-UndWechselstromkreise:Z\:\\Dokumente\\HSRM\\LaTex_Quellen\\HSRM_Quellen\\Citavi Attachments\\Eichler2016_Chapter_Gleich-UndWechselstromkreise.pdf:pdf;Eichler2016_Chapter_GrundbegriffeDerMesstechnik:Z\:\\Dokumente\\HSRM\\LaTex_Quellen\\HSRM_Quellen\\Citavi Attachments\\Eichler2016_Chapter_GrundbegriffeDerMesstechnik.pdf:pdf;Eichler2016_Chapter_Halbleiterelektronik:Z\:\\Dokumente\\HSRM\\LaTex_Quellen\\HSRM_Quellen\\Citavi Attachments\\Eichler2016_Chapter_Halbleiterelektronik.pdf:pdf;Eichler2016_Chapter_Licht-UndMikrowellen:Z\:\\Dokumente\\HSRM\\LaTex_Quellen\\HSRM_Quellen\\Citavi Attachments\\Eichler2016_Chapter_Licht-UndMikrowellen.pdf:pdf;Eichler2016_Chapter_LinsenUndOptischeInstrumente:Z\:\\Dokumente\\HSRM\\LaTex_Quellen\\HSRM_Quellen\\Citavi Attachments\\Eichler2016_Chapter_LinsenUndOptischeInstrumente.pdf:pdf;Eichler2016_Chapter_PhotonenElektronenUndAtome:Z\:\\Dokumente\\HSRM\\LaTex_Quellen\\HSRM_Quellen\\Citavi Attachments\\Eichler2016_Chapter_PhotonenElektronenUndAtome.pdf:pdf;Eichler2016_Chapter_RadioaktivitätUndStrahlenschut:Z\:\\Dokumente\\HSRM\\LaTex_Quellen\\HSRM_Quellen\\Citavi Attachments\\Eichler2016_Chapter_RadioaktivitätUndStrahlenschut.pdf:pdf;Eichler2016_Chapter_VielteilchensystemeUndThermody:Z\:\\Dokumente\\HSRM\\LaTex_Quellen\\HSRM_Quellen\\Citavi Attachments\\Eichler2016_Chapter_VielteilchensystemeUndThermody.pdf:pdf}
}


@book{Haberle.2007,
 author = {H{\"a}berle, Gregor D.},
 year = {2007},
 title = {{Tabellenbuch Elektrotechnik}},
 keywords = {Elektronik;Physik},
 edition = {22. neu bearb. und erw. Aufl.},
 publisher = {Europa-Lehrmittel},
 isbn = {978-3-8085-3218-8},
 subtitle = {{Tabellen, Formeln, Normenanwendung}},
 language = {ger},
 location = {Haan-Gruiten},
 series = {{Europa-Fachbuchreihe f{\"u}r elektrotechnische, elektronische und informationstechnische Berufe}},
 abstract = {},
 pagetotal = {472},
 file = {http://d-nb.info/98563037X/04},
 file = {http://deposit.d-nb.de/cgi-bin/dokserv?id=3002621&prov=M&dok_var=1&dok_ext=htm}
}


@collection{Halliday.2005,
 year = {2005},
 title = {{Physik}},
 keywords = {Physik},
 edition = {1. korr. Nachdr},
 publisher = {Wiley-VCH},
 isbn = {3-527-40366-3},
 editor = {Halliday, David and Resnick, Robert and Walker, Jearl and Koch, Stephan W.},
 abstract = {},
 pagetotal = {1388},
 language = {ger},
 location = {Weinheim},
 file = {https://external.dandelon.com/download/attachments/dandelon/ids/DE001E6C55C96A03902EDC1257157004A86BC.pdf}
}


@online{Kozel.,
 author = {Kozel, H.},
 editor = {{SILA Schwei{\ss}technik Ges.m.b.H.}},
 title = {{Grundlagen der Widerstandsschweisstechnik}},
 url = {https://sila.at/wp-content/uploads/2014/07/sila_info.pdf},
 keywords = {Punktschwei{\ss}en},
 urldate = {2020-11-20},
 abstract = {},
 pagetotal = {22},
 file = {Kozel - info:Z\:\\Dokumente\\HSRM\\LaTex_Quellen\\HSRM_Quellen\\Citavi Attachments\\Kozel - info.pdf:pdf}
}


@online{MillerElectricMfg.LLC.,
 author = {{Miller Electric Mfg. LLC}},
 title = {003335e 2018-08},
 url = {https://www.millerwelds.com/-/media/miller-electric/files/pdf/resources/resistance.pdf},
 keywords = {Punktschwei{\ss}en},
 urldate = {2020-11-20},
 abstract = {},
 pagetotal = {16},
 file = {aradda - 003335e:Z\:\\Dokumente\\HSRM\\LaTex_Quellen\\HSRM_Quellen\\Citavi Attachments\\aradda - 003335e.pdf:pdf},
 subtitle = {{Guidelines For Resistance Spot Welding}}
}


@online{PHYWESystemeGmbHundCo.KG.,
 author = {{PHYWE Systeme GmbH und Co. KG}},
 title = {{Hall-Effekt-Modul 11801-00}},
 url = {http://www.phywe-es.com/index.php/fuseaction/download/lrn_file/bedanl.pdf/11801.00/d/1180100d.pdf},
 keywords = {Elektronik;Physik},
 urldate = {2020-10-24},
 abstract = {}
}


@book{Ritter.2018,
 author = {Ritter, Helmut},
 year = {2018},
 title = {{Makromolek{\"u}le I}},
 keywords = {Chemie},
 publisher = {{Springer Spektrum}},
 isbn = {9783662559567},
 subtitle = {{Von einfachen Chemierohstoffen zu Hochleistungspolymeren}},
 language = {ger},
 location = {Berlin, Heidelberg},
 series = {{SpringerLink B{\"u}cher}},
 abstract = {Einf{\"u}hrung -- Grundlagen -- Charakterisierung und Eigenschaften von Makromolek{\"u}len -- Synthese von Polymeren durch Polykondensation -- Synthese von Polymeren durch Polymerisation -- Kurzes Schlusswort



Dieses praxisorientierte Lehrbuch ist f{\"u}r Studierende der Chemie, Physik, Biologie, Ingenieurwissenschaften sowie der Medizin von Bedeutung. Es hat das Ziel, die {\glqq}Makromolekulare Chemie{\grqq}, die eine fach{\"u}bergreifende Wissenschaft ist, dem Leser auf anschaulichem Wege n{\"a}herzubringen. Es werden Methoden der Organischen Chemie, der Physikalischen Chemie und der Physik sowie mathematische Ans{\"a}tze verst{\"a}ndlich beschrieben und erl{\"a}utert. Erstmalig bilden Tafelbilder, die mittels Kreide und Schwamm in Vorlesungen entstanden sind, das Ger{\"u}st eines Lehrbuches f{\"u}r Polymerchemie. Fachliche Erl{\"a}uterungen im Flie{\ss}text und pers{\"o}nliche Geschichten, die zur Veranschaulichung beitragen, kommentieren das jeweilige Tafelbild. Anhand vieler Beispiele wird der Weg vom Erd{\"o}l bzw. der Kohle zum Kunststoff aufgezeigt. Auch dieser Aspekt unterscheidet das neue Lehrbuch von anderen auf dem Markt befindlichen Werken. Der Autor Prof. Dr. Dr. h. c. Helmut Ritter ist aktuell Mitherausgeber von zwei Chemie-Zeitschriften und in der Industrie im Bereich von Kunststoff-Entwicklungen beratend t{\"a}tig. Er hat als Professor an den Universit{\"a}ten D{\"u}sseldorf (2001-2014), Mainz (1998-2001) und Wuppertal (1982-1998) langj{\"a}hrige Erfahrung auf dem Gebiet der Polymerchemie durch Forschung und Lehre erworben. Nach seiner Promotion in Mainz im Jahr 1975 ist er von 1976-1998 in der Industrie bei der Bayer AG in Krefeld-Uerdingen im Bereich Forschung und Entwicklung von neuen Polymeren f{\"u}r Pigmentbeschichtung, Membrantechnik und Diagnostik t{\"a}tig gewesen. Er hat sich 1989 an der Bergischen Universit{\"a}t Wuppertal f{\"u}r das Fach Organische Polymerchemie habilitiert und ist Coautor von {\"u}ber 350 Ver{\"o}ffentlichungen und als Miterfinder beteiligt an zahlreichen Patentschriften},
 pagetotal = {226},
 doi = {10.1007/978-3-662-55956-7},
 note = {Ritter, Helmut (VerfasserIn)}
}


@book{Roos.2017,
 author = {Roos, Eberhard and Maile, Karl and Seidenfu{\ss}, Michael},
 year = {2017},
 title = {{Werkstoffkunde f{\"u}r Ingenieure}},
 keywords = {Werkstoffe},
 edition = {6., erg{\"a}nzte und bearbeitete Auflage},
 publisher = {{Springer Vieweg}},
 isbn = {978-3-662-49531-5},
 subtitle = {{Grundlagen, Anwendung, Pr{\"u}fung}},
 language = {ger},
 location = {Berlin},
 series = {{Lehrbuch}},
 abstract = {{\"U}berblick -- Atomarer Aufbau kristalliner Stoffe -- Legierungsbildung -- Thermisch aktivierte Vorg{\"a}nge -- Mechanische Eigenschaften -- Eisenwerkstoffe -- Nichteisenmetalle -- Kunststoffe -- Keramische Werkstoffe -- Verbundwerkstoffe -- Physikalische Eigenschaften -- Korrosion -- Recycling -- Tribologische Beanspruchung -- Kriterien zur Werkstoffauswahl -- Kriterien zur Schadensbewertung -- Antworten zu den Verst{\"a}ndnisfragen -- Weiterf{\"u}hrende Literatur



Nach einer Einf{\"u}hrung in die Grundlagen der Werkstoffwissenschaft werden in diesem gut eingef{\"u}hrten Lehrbuch die Anwendungsaspekte der Werkstoffe behandelt. Insbesondere die mechanischen Eigenschaften und das Verhalten von Werkstoffgruppen unter unterschiedlichen Umgebungs- und Belastungsbedingungen werden erl{\"a}utert. Ein besonderer Schwerpunkt liegt auf der Darstellung der technischen Gebrauchseigenschaften der Werkstoffe. So werden f{\"u}r ausgew{\"a}hlte Werkstoffe die Materialkonstanten und Festigkeitskennwerte angegeben. Behandelt werden St{\"a}hle und Stahllegierungen f{\"u}r besondere Anwendungen, Leichtmetalle, Nichteisenmetalle, Kunststoffe, Keramiken und Verbundwerkstoffe. Weitere Aspekte des Buches sind die Darstellungen der M{\"o}glichkeiten der zerst{\"o}renden und zerst{\"o}rungsfreien Werkstoffpr{\"u}fung. Eingegangen wird auf die spezifischen Sch{\"a}digungsmechanismen der unterschiedlichen Werkstoffgruppen und deren Gesetzm{\"a}{\ss}igkeiten. Dabei bilden Korrosion und Verschlei{\ss} einen besonderen Schwerpunkt. Verst{\"a}ndnisfragen zu jedem Kapitel runden das Buch ab. Die Zielgruppen In erster Linie Studierende des Maschinenbaus, der Fahrzeug- und Motorentechnik sowie artverwandter Ingenieurstudieng{\"a}nge. Weiterhin Studierende aus den Natur-und Wirtschaftswissenschaften. Das Buch ist auch bestens geeignet als berufsbegleitendes Nachschlagewerk. Die Autoren Prof. Dr.-Ing. habil. Eberhard Roos wurde, nach verschiedenen Stationen in der Industrie, 1995 zum Direktor der Materialpr{\"u}fungsanstalt (MPA) der Universit{\"a}t Stuttgart berufen. Die Schwerpunkte in der Lehre waren Materialpr{\"u}fung, Werkstoffkunde und Festigkeitslehre. Ein Forschungsschwerpunkt war die Methodenentwicklung zur Integrit{\"a}tsbewertung von Bauteilen. Apl. Prof. Dr. -Ing. habil. Karl Maile war stellvertretender Direktor der Materialpr{\"u}fungsanstalt Universit{\"a}t Stuttgart (MPA). Die Schwerpunkte seiner Arbeiten in Forschung und Lehre lagen in der Werkstofftechnik, Bauteilqualifizierung und -bewertung sowie in der Qualit{\"a}tssicherung. PD Dr.-Ing. Michael Seidenfu{\ss} ist seit 2015 stellvertretender Institutsleiter am Institut f{\"u}r Materialpr{\"u}fung, Werkstoffkunde und Festigkeitslehre der Universit{\"a}t Stuttgart. Die Schwerpunkte in Forschung und Lehre liegen auf den Gebieten der Werkstoffkunde und Werkstoffmechanik},
 pagetotal = {443},
 doi = {10.1007/978-3-662-49532-2},
 note = {Roos, Eberhard (VerfasserIn)

Maile, Karl (VerfasserIn)

Seidenfu{\ss}, Michael (VerfasserIn)}
}


@online{Swantec.20200225,
 author = {Swantec},
 year = {2020-02-25},
 title = {{Widerstandsschwei{\ss}en}},
 url = {https://www.swantec.com/de/technologie/widerstandsschweissen/#Elektrodenabbaus},
 keywords = {Punktschwei{\ss}en},
 urldate = {2020-11-20},
 abstract = {Develops and supplies welding software, SORPAS, for simulation and optimization of resistance welding, spot welding and mechanical joining processes.},
 note = {Copyright: Copyright (c)1999-2020 SWANTEC Software and Engineering ApS. All Rights Reserved.}
}


@misc{Unbekannt.,
 author = {Unbekannt},
 title = {{Elektrische und magnetische Bauelemente der Physikalischen Technik}},
 keywords = {Elektronik},
 abstract = {},
 organization = {{Hochschule RheinMain}},
 subtitle = {{Skript zur Vorlesung {\textquotedbl}Elektrische und magnetische Bauelemente{\textquotedbl}, Sommersemester 2020}}
}


